<?xml version="1.0" encoding="UTF-8"?><record xmlns="http://www.loc.gov/MARC21/slim" xmlns:cinclude="http://apache.org/cocoon/include/1.0" xmlns:zs="http://www.loc.gov/zing/srw/">
  <leader>00352cz  a2200121n  4500</leader>
  <controlfield tag="001">n  77012949 </controlfield>
  <controlfield tag="003">DLC</controlfield>
  <controlfield tag="005">19850930091430.5</controlfield>
  <controlfield tag="008">771104n| acannaab|          |n aaa |||  </controlfield>
  <datafield tag="010" ind1=" " ind2=" ">
    <subfield code="a">n  77012949 </subfield>
  </datafield>
  <datafield tag="040" ind1=" " ind2=" ">
    <subfield code="a">DLC</subfield>
    <subfield code="c">DLC</subfield>
    <subfield code="d">DLC</subfield>
  </datafield>
  <datafield tag="100" ind1="1" ind2="0">
    <subfield code="a">Lapatine, Sol,</subfield>
    <subfield code="d">1918-</subfield>
  </datafield>
  <datafield tag="670" ind1=" " ind2=" ">
    <subfield code="a">His Electronics in communication, c1978:</subfield>
    <subfield code="b">t.p. (Sol Lapatine) CIP data sheet (b. 5/30/18)</subfield>
  </datafield>
</record>